@article{moser1999,
  title={Direct numerical simulation of turbulent channel flow up to $\text{Re}_{\tau} = 590$ },
  author={Moser, Robert D and Kim, John and Mansour, Nagi N},
  journal={Physics of fluids},
  year={1999},
  volume={11},
  number={4},
  pages={943--945},
  note={American Institute of Physics}
}

@article{vreman2014comparison,
  title={Comparison of direct numerical simulation databases of turbulent channel flow at $\text{Re}_\tau = 180$},
  author={Vreman, AW and Kuerten, Johannes GM},
  journal={Physics of Fluids},
  year={2014},
  publisher={AIP Publishing}
}

@article{kawamura2000dns,
  title={DNS of turbulence and heat transport in a channel flow with different Reynolds and Prandtl numbers and boundary conditions},
  author={Kawamura, Hiroshi and Abe, Hiroyuki and Shingai, Kenji},
  journal={Turbulence, Heat and Mass Transfer},
  year={2000},
}

@book{white,
  title={Fluid mechanics},
  author={White, Frank M},
  year={2011},
  publisher={McGraw-Hill New York}
}

@book{incropera,
  title={Fundamentals of Heat and Mass Transfer},
  author={Incropera, Frank P and DeWitt, David P and Bergman, Theodore L and Lavine, Adrienne S and others},
  year={2006},
  publisher={John Wiley and Sons}
}

@article{tam2006transitional,
  title     = {Transitional heat transfer in plain horizontal tubes},
  author    = {Tam, Lap Mou and Ghajar, Afshin J},
  journal   = {Heat Transfer Engineering},
  year      = {2006},
  publisher = {Taylor \& Francis}
}

@incollection{ghajar2019heat,
  title={Heat transfer and pressure drop in the transition region of smooth horizontal circular tubes with different inlet configurations},
  author={Ghajar, Afshin J},
  booktitle={Advances in heat transfer},
  volume={51},
  pages={1--53},
  year={2019},
  publisher={Elsevier}
}



@article{hausen1959new,
  title={New equations for heat transfer in free or force flow},
  author={Hausen, H},
  journal={Allg Warmetchn},
  year={1959}
}

@article{hufschmidt1966determination,
  title={Determination of local and average heat transfer coefficients in tubes at high heat fluxes},
  author={Hufschmidt, W and Burck, E and Riebold, W},
  journal={International Journal of Heat and Mass Transfer},
  year={1966}
}

@article{gnielinski1976new,
  title={New equations for heat and mass transfer in turbulent pipe and channel flow},
  author={Gnielinski, Volker},
  journal={International Chemical Engineering Journal},
  year={1976}
}

@article{churchill1977comprehensive,
  title={Comprehensive correlating equations for heat, mass and momentum transfer in fully developed flow in smooth tubes},
  author={Churchill, Stuart W},
  journal={Industrial \& Engineering Chemistry Fundamentals},
  year={1977},
}

@article{sleicher1975convenient,
  title={A convenient correlation for heat transfer to constant and variable property fluids in turbulent pipe flow},
  author={Sleicher, CA and Rouse, MW},
  journal={International Journal of Heat and Mass Transfer},
  year={1975},
}

@article{kamdem2020numerical,
  title={Numerical study on the flow and heat transfer coupled in a rectangular mini-channel by finite element method for industrial micro-cooling technologies},
  author={Kamdem Kamdem, Claude Aur{\'e}lien and Zhu, Xiaolu},
  journal={Journal Of Fluids},
  year={2020},
  publisher={MDPI}
}

@article{sikorska2024convective,
  title={Convective Heat Transfer in PWR, BWR, CANDU, SMR, and MSR Nuclear Reactorsâ€”A Review},
  author={Sikorska, Daria and Brzozowska, Julia and Pawe{\l}kiewicz, Agata and Psyka{\l}a, Mateusz and B{\l}asiak, Przemys{\l}aw and Kolasi{\'n}ski, Piotr},
  journal={Energies},
  year={2024},
  publisher={MDPI}
}

@article{kim1989transport,
  title={Transport of passive scalars in a turbulent channel flow},
  author={Kim, John and Moin, Parviz},
  year={1989}
}

@book{pope2001turbulent,
  title={Turbulent flows},
  author={Pope, Stephen B},
  year={2001},
  publisher={Cambridge University Press}
}

@article{kasagi1992direct,
  title={Direct numerical simulation of passive scalar field in a turbulent channel flow},
  author={Kasagi, N and Tomita, Y and Kuroda, A},
  year={1992},
  volume    = {114},
  number    = {3},
  pages     = {598--606},
  note={ASME}
}

@book{kundu,
  title={Fluid Mechanics},
  author={Kundu, Pijush K and Cohen, Ira M and Dowling, David R and Capecelatro, Jesse},
  year={2016},
  publisher={Elsevier}
}


@book{schmid,
  title={Stability and Transition in Shear Flows},
  author={Peter J. Schmid and Dan S. Henningson},
  year={2002},
  volume={142},
  note={Springer}
}

@article{squire1933,
  title={On the stability for three-dimensional disturbances of viscous fluid flow between parallel walls},
  author={Squire, Herbert Brian},
  year={1933},
  publisher={The Royal Society London}
}

@article{chen1996linear,
  title={The linear stability of mixed convection in a vertical channel flow},
  author={Chen, Yen-Cho and Chung, JN},
  journal={Journal of Fluid Mechanics},
  volume={325},
  pages={29--51},
  year={1996},
  note={Cambridge University Press}
}


@article{chen2003direct,
  title={A direct numerical simulation of transition phenomena in a mixed convection channel flow},
  author={Chen, Yen-Cho and Chung, JN},
  journal={Computers and Fluids},
  volume={32},
  number={6},
  pages={795--822},
  year={2003},
  note={Elsevier}
}


@article{straub2019influence,
  title={The influence of thermal boundary conditions on turbulent forced convection pipe flow at two Prandtl numbers},
  author={Straub, Steffen and Forooghi, Pourya and Marocco, Luca and Wetzel, Thomas and Vinuesa, Ricardo and Schlatter, Philipp and Frohnapfel, Bettina},
  journal={International Journal of Heat and Mass Transfer},
  volume={144},
  pages={118601},
  year={2019},
  note={Elsevier}
}


@article{benard1901,
  title={Les tourbillons cellulaires dans une nappe liquide.-M{\'e}thodes optiques d'observation et d'enregistrement},
  author={B{\'e}nard, Henri},
  journal={Journal de Physique Th{\'e}orique et Appliqu{\'e}e},
  volume={10},
  number={1},
  pages={254--266},
  year={1901},
  note={Soci{\'e}t{\'e} Fran{\c{c}}aise de Physique}
}

@article{rayleigh1916,
  author    = {Lord Rayleigh},
  title     = {On convection currents in a horizontal layer of fluid, when the higher temperature is on the under side},
  journal={The London, Edinburgh, and Dublin Philosophical Magazine and Journal of Science},
  volume={32},
  number={192},
  pages={529--546},
  year      = {1916},
  note={Taylor \& Francis}
}

@article{dittus1930,
  title={Heat Transfer in Automobile Radiators of the Tubular Type},
  author={Dittus, F. W. and Boelter, L. M. K.},
  journal={International communications in heat and mass transfer},
  volume={12},
  number={1},
  pages={3--22},
  year={1985},
  note={Pergamon},
}

@article{tao1960,
  author    = {S. C. Tao},
  title     = {On combined forced and free convection in channels},
  journal   = {Journal of Heat Transfer},
  volume={82},
  number={3},
  pages={233--238},
  year={1960},
  note ={American Society of Mechanical Engineers}
}

@article{metais1964,
  author    = {B. Metais and E. R. G. Eckert},
  title     = {Forced, mixed and free convection regimes},
  journal   = {Journal of Heat Transfer},
  year      = {1964},
  pages   = {295--296},
  volume  = {86},
  number  = {2},
  note = {ASME}

}


@article{kasagi1997direct,
  title={Direct numerical simulation of combined forced and natural turbulent convection in a vertical plane channel},
  author={Kasagi, Nobuhide and Nishimura, Mitsugu},
  journal={International Journal of Heat and Fluid Flow},
  year={1997},
  publisher={Elsevier}
}

@book{cengelheat,
  title  = {Heat and Mass Transfer:Fundamentals and Applications},
  author = {Cengel, Yunus A and Ghajar, Afshin J},
  year   = {2015},
  publisher={McGraw-Hill Education}
}

@article{jackson1989studies,
  title={Studies of mixed convection in vertical tubes},
  author={Jackson, JD and Cotton, MA and Axcell, BP},
  journal={International journal of heat and fluid flow},
  volume={10},
  number={1},
  pages={2--15},
  year={1989},
  note={Elsevier}
}

@article{reynolds1883,
  title={III. An experimental investigation of the circumstances which determine whether the motion of water shall be direct or sinuous, and of the law of resistance in parallel channels},
  author={Reynolds, Osborne},
  journal={Proceedings of the royal society of London},
  volume={35},
  number={224-226},
  pages={84--99},
  year={1883},
  note={The Royal Society London}
}

@article{orr1907,
  title={The stability or instability of the steady motions of a perfect liquid and of a viscous liquid. Part I: A perfect liquid. Part II: A viscous liquid},
  author={Orr, William McFadden},
  booktitle={Proceedings of the Royal Irish Academy. Section A: Mathematical and Physical Sciences},
  year={1907},
  volume={27},
  pages={69--138},
  note = {JSTOR}
}

@article{sommerfeld1908,
  title={Ein Beitrag zur hydrodynamischen Erkl{\"a}rung der turbulenten Fl{\"u}ssigkeitsbewegungen},
  author={Sommerfeld, Arnold},
  journal={Atti Congr. Int. Math. 4th},
  year={1908}
}

@article{tollmien1930,
  title={{\"U}ber die entstehung der turbulenz},
  author={Tollmien, Walter},
  journal={Vortr{\"a}ge aus dem Gebiete der Aerodynamik und verwandter Gebiete: Aachen 1929},
  pages={18--21},
  year={1930},
  note={Springer}
}

@article{schlichting1933,
  title={Berechnung der Anfachung kleiner St{\"o}rungen bei der Plattenstr{\"o}mung},
  author={Schlichting, Herman},
  journal={ZAMM},
  volume={13},
  number={171-174},
  pages={50},
  year={1933}
}

@article{schubauer1947laminar,
  title={Laminar boundary-layer oscillations and stability of laminar flow},
  author={Schubauer, Galen B and Skramstad, Harold K},
  journal={Journal of the Aeronautical Sciences},
  year={1947},
  volume={14},
  number={2},
  pages={69--78},
  note={American Institute of Aeronautics and Astronautics}
}

@article{herbert1983secondary,
  title={Secondary instability of plane channel flow to subharmonic three-dimensional disturbances},
  author={Herbert, Thorwald},
  journal={Physics of Fluids},
  volume={26},
  number={4},
  pages={871--874},
  year={1983},
  note={AIP Publishing}
  
}

@article{pirozzoli2017mixed,
  title={Mixed convection in turbulent channels with unstable stratification},
  author={Pirozzoli, Sergio and Bernardini, Matteo and Verzicco, Roberto and Orlandi, Paolo},
  journal={Journal of fluid mechanics},
  year={2017},
  publisher={Cambridge University Press}
}

@article{guo2022direct,
  title={Direct numerical simulation of turbulent heat transfer in liquid metals in buoyancy-affected vertical channel},
  author={Guo, Wentao and Prasser, Horst-Michael},
  journal={International Journal of Heat and Mass Transfer},
  volume={194},
  pages={123013},
  year={2022},
  note={Elsevier}
}


@article{you2003direct,
  title={Direct numerical simulation of heated vertical air flows in fully developed turbulent mixed convection},
  author={You, Jongwoo and Yoo, Jung Y and Choi, Haecheon},
  journal={International Journal of Heat and Mass Transfer},
  volume={46},
  number={9},
  pages={1613--1627},
  year={2003},
  note={Elsevier}
}

@article{kawamura1998dns,
  title={DNS of turbulent heat transfer in channel flow with low to medium-high Prandtl number fluid},
  author={Kawamura, Hiroshi and Ohsaka, Kouichi and Abe, Hiroyuki and Yamamoto, Kiyoshi},
  journal={International Journal of Heat and Fluid Flow},
  volume={19},
  number={5},
  pages={482--491},
  year={1998},
  note={Elsevier}
}

@article{abregu2023dns,
  title={DNS of heat transfer in a plane channel flow with spatial transition},
  author={Machaca Abregu, William I and Dari, Enzo A and Teruel, Federico E},
  journal={International Journal of Heat and Mass Transfer},
  year={2023},
  volume={209},
  pages={124110},
  note={Elsevier}
}

@book{Prandtl1942,
  author    = {Prandtl, Ludwig},
  title     = {FÃ¼hrer durch die StrÃ¶mungslehre},
  edition   = {3},
  note = {Vieweg},
  year      = {1942}
}

@article{aicher1997,
  title={New correlations for mixed turbulent natural and forced convection heat transfer in vertical tubes},
  author={Aicher, T and Martin, H},
  journal={International journal of heat and mass transfer},
  volume={40},
  number={15},
  pages={3617--3626},
  year={1997},
  note={Elsevier}
}

@article{parlatan1996buoyancy,
  author  = {Y. Parlatan and N. E. Todreas and M. J. Driscoll},
  title   = {Buoyancy and property variation effects in turbulent mixed convection of water in vertical tubes},
  journal = {Journal of Heat Transfer},
  volume  = {118},
  number  = {2},
  pages   = {381--387},
  year    = {1996},
  note = {ASME}
}

@article{easby1978effect,
  title={The effect of buoyancy on flow and heat transfer for a gas passing down a vertical pipe at low turbulent Reynolds numbers},
  author={Easby, JP},
  journal={International Journal of Heat and Mass Transfer},
  volume={21},
  number={6},
  pages={791--801},
  year={1978},
  note={Elsevier}
}


@article{steiner1971reverse,
  title={On the reverse transition of a turbulent flow under the action of buoyancy forces},
  author={Steiner, Alejandro},
  journal={Journal of Fluid Mechanics},
  volume={47},
  number={3},
  pages={503--512},
  year={1971},
  note={Cambridge University Press}
}

@article{carr1973velocity,
  title={Velocity, temperature, and turbulence measurements in air for pipe flow with combined free and forced convection},
  author={Carr, AD and Connor, MA and Buhr, HO},
  volume  = {95},
  number  = {4},
  pages   = {445--452},
  year={1973},
  note=ASME
}

@article{zhou2024direct,
  title={Direct numerical simulation of sodium in vertical channel flow: From forced convection to natural convection at friction Reynolds number 180},
  author={Zhou, Lei and Zhang, Dalin and Liu, Yapeng and Liang, Yu and Wang, Bo and Tian, Wenxi and Qiu, Suizheng and Su, Guanghui},
  journal={Physics of Fluids},
  volume={36},
  number={11},
  year={2024},
  pages={115139},
  note={AIP Publishing}
}


@techreport{hall1969laminarization,
  author={Hall, WB and Jackson, JD},
  title        = {Laminarisation of a turbulent pipe flow by buoyancy forces},
  institution  = {ASME},
  number       = {69-HT-55},
  year         = {1969},
}

@article{kader1981temperature,
  title={Temperature and concentration profiles in fully turbulent boundary layers},
  author={Kader, BA},
  journal={International journal of heat and mass transfer},
  volume={24},
  number={9},
  pages={1541--1544},
  year={1981},
  note={Elsevier}
}

@article{li2021development,
  title={Development of a correlation for mixed convection heat transfer in rod bundles},
  author={Li, Junlong and Xiao, Yao and Gu, Hanyang and Liu, Da and Zhang, Qi},
  journal={Annals of Nuclear Energy},
  year={2021},
  volume={155},
  pages={108151},
  note={Elsevier}
}

@article{lamballais2014,
  title={Direct numerical simulation of a turbulent flow in a rotating channel with a sudden expansion},
  author={Lamballais, Eric},
  journal={Journal of Fluid Mechanics},
  volume={745},
  pages={92--131},
  year={2014},
  note={Cambridge University Press}
}

@book{szuban2023,
  title={Desarrollo de una herramienta numÃ©rica para el anÃ¡lisis de estabilidad lineal de flujo em convecciÃ³n mixta},
  author={Szuban, Pablo},
  year={2023},
  publisher={Instituto Balseiro}
}

@phdthesis{schlatter2005,
  title={Large-eddy simulation of transition and turbulence in wall-bounded shear flow},
  author={Schlatter, Philipp Christian},
  year={2005},
  school={ETH Zurich}
}

@article{saiki1993spatial,
  title={Spatial simulation of secondary instability in plane channel flow: comparison of K-and H-type disturbances},
  author={Saiki, EM and Biringen, S and Danabasoglu, G and Streett, CL},
  journal={Journal of Fluid Mechanics},
  year={1993},
  publisher={Cambridge University Press}
}

@book{bird2002transport,
  title={Transport Phenomena},
  author={Bird, R Byron and Stewart, WE and Lightfoot, Edwin N},
  year={2002},
  publisher={John Wiley \& Son}
}

@book{smits2009lectures,
  title={Lectures in fluid mechanics: Viscous flows and turbulence},
  author={Smits, Alexander J},
  year={2009},
  publisher={Princeton University}
}

@article{moin1998direct,
  title={Direct numerical simulation: a tool in turbulence research},
  author={Moin, Parviz and Mahesh, Krishnan},
  journal={Annual review of fluid mechanics},
  year={1998},
  volume={30},
  number={1},
  pages={539--578},
  note={Annual Reviews 4139 El Camino Way, PO Box 10139, Palo Alto, CA 94303-0139, USA}
}

@book{moser2003,
  title={Turbulence Lectures Notes},
  author={Moser, R D},
  year={2003},
  publisher={Illini Union Bookstore, University of Illinois}
}


@phdthesis{machaca2024,
  title={Estudio NumÃ©rico del Proceso de TransiciÃ³n Laminar-Turbulento en Canales Angostos},
  author={Machaca Abregu, William Ismael},
  year={2024},
  school={Instituto Balseiro}
}

@book{drazin2004hydrodynamic,
  title={Hydrodynamic stability},
  author={Drazin, Philip G and Reid, William Hill},
  year={2004},
  publisher={Cambridge University Press}
}

@article{orszag1971accurate,
  title={Accurate solution of the Orr--Sommerfeld stability equation},
  author={Orszag, Steven A},
  journal={Journal of Fluid Mechanics},
  volume={50},
  number={4},
  pages={689--703},
  year={1971},
  note={Cambridge University Press}
}

@article{kao1970experimental,
  title={Experimental investigations of the stability of channel flows. Part 1. Flow of a single liquid in a rectangular channel},
  author={Kao, Timothy W and Park, C},
  journal={Journal of Fluid Mechanics},
  volume={52},
  number={3},
  pages={401--423},
  year={1970},
  note={Cambridge University Press}
}

@article{orszag1980transition,
  title={Transition to turbulence in plane Poiseuille and plane Couette flow},
  author={Orszag, Steven A and Kells, Lawrence C},
  journal={Journal of Fluid Mechanics},
  volume={96},
  number={1},
  pages={159--205},
  year={1980},
  note={Cambridge University Press}
}

@article{tollmien1935,
  title={Ein allgemeines Kriterium der Instabilitat laminarer Gescgwindigkeits-verteilungen},
  author={Tollmien, Walter},
  journal={Nachr. Wiss Fachgruppe, G{\"o}ttingen, Math. Phys.},
  volume={1},
  pages={79},
  year={1935}
}

@article{scheele1960effect,
  title={Effect of natural convection on transition to turbulence in vertical pipes},
  author={Scheele, George F and Rosen, Edward M and Hanratty, Thomas J},
  journal={The Canadian Journal of Chemical Engineering},
  year={1960},
  volume={38},
  number={3},
  pages={67--73},
  note={Wiley Online Library}
}

@article{scheele1962effect,
  title={Effect of natural convection on stability of flow in a vertical pipe},
  author={Scheele, George F and Hanratty, Thomas J},
  journal={Journal of Fluid Mechanics},
  year={1962},
  volume={14},
  number={2},
  pages={244--256},
  note={Cambridge University Press}
}


@book{gebhart1989buoyancy,
  title={Buoyancy-Induced Flows and Transport},
  author={Gebhart, Benjamin and Jaluria, Yogesh and Mahajan, Roop L. and Sammakia, Bahgat},
  year={1988},
  publisher={Springer}
}


@article{chen1998stability,
  title={Stability of mixed convection in a differentially heated vertical channel},
  author={Chen, Y-C and Chung, J. N.},
  volume  = {120},
  number  = {1},
  pages   = {127--132},
  year={1998},
  note={ASME}
}

@article{chen2002direct,
  title={A direct numerical simulation of K-and H-type flow transition in a heated vertical channel},
  author={Chen, Yen-Cho and Chung, JN},
  journal={Physics of Fluids},
  volume={14},
  number={9},
  pages={3327--3346},
  year={2002},
  note={American Institute of Physics}
}

@article{bartholomew2020xcompact3d,
  title={Xcompact3D: An open-source framework for solving turbulence problems on a Cartesian mesh},
  author={Bartholomew, Paul and Deskos, Georgios and Frantz, Ricardo AS and Schuch, Felipe N and Lamballais, Eric and Laizet, Sylvain},
  journal={SoftwareX},
  volume={12},
  pages={100550},
  year={2020},
  note={Elsevier}
}

@article{laizet2011incompact3d,
  title={Incompact3d: A powerful tool to tackle turbulence problems with up to  O($10^5$) computational cores},
  author={Laizet, Sylvain and Li, Ning},
  journal={International Journal for Numerical Methods in Fluids},
  volume={67},
  number={11},
  pages={1735--1757},
  year={2011},
  note={Wiley Online Library}
}

@inproceedings{li20102decomp,
  title={2decomp$\&$fft- a highly scalable 2d decomposition library and fft interface},
  author={Li, Ning and Laizet, Sylvain},
  booktitle={Cray user group 2010 conference},
  year={2010}
}

@article{chorin1968numerical,
  title={Numerical solution of the Navier-Stokes equations},
  author={Chorin, Alexandre Joel},
  journal={Mathematics of computation},
  volume={22},
  number={104},
  pages={745--762},
  year={1968},
  note={American Mathematical Society}
}

@article{chorin1967numerical,
  title={The numerical solution of the Navier-Stokes equations for an incompressible fluid},
  author={Chorin, Alexandre Joel},
  journal={Bulletin of the American Mathematical Society},
  year={1967}
}

@article{laizet2009high,
  title={High-order compact schemes for incompressible flows: A simple and efficient method with quasi-spectral accuracy},
  author={Laizet, Sylvain and Lamballais, Eric},
  journal={Journal of Computational Physics},
  year={2009},
  volume={228},
  number={16},
  pages={5989--6015},
  note={Elsevier}
}

@article{lele1992compact,
  title={Compact finite difference schemes with spectral-like resolution},
  author={Lele, Sanjiva K},
  journal={Journal of Computational Physics},
  year={1992},
  volume={103},
  pages={15},
  note={Elsevier}
}

@article{schumann1976direct,
  title={A direct method for the solution of Poisson's equation with Neumann boundary conditions on a staggered grid of arbitrary size},
  author={Schumann, Ulrich and Sweet, Roland A},
  journal={Journal of Computational Physics},
  volume={20},
  number={2},
  pages={171--182},
  year={1976},
  note={Elsevier}
}

@article{peskin2002immersed,
  title={The immersed boundary method},
  author={Peskin, Charles S},
  journal={Acta numerica},
  volume={11},
  pages={479--517},
  year={2002},
  note={Cambridge University Press}
}

@book{moin2010fundamentals,
  title={Fundamentals of engineering numerical analysis},
  author={Moin, Parviz},
  year={2010},
  publisher={Cambridge University Press}
}

@book{trefethen,
  title={Spectral methods in MATLAB},
  author={Trefethen, Lloyd N},
  year={2000},
  publisher={SIAM}
}

@article{hunt1988eddies,
  title={Eddies, streams, and convergence zones in turbulent flows},
  author={Hunt, Julian CR and Wray, Alan A and Moin, Parviz},
  journal={Studying Turbulence Using Numerical Simulation Databases, 2. Proceedings of the 1988 Summer Program},
  year={1988},
  note={NASA}
}

@article{zang1989numerical,
  title={Numerical experiments on stability and transition in plane channel flow},
  author={Zang, Thomas A and Krist, Steven E},
  journal={Theoretical and Computational Fluid Dynamics},
  volume={1},
  number={1},
  pages={41--64},
  year={1989},
  note={Springer}
}

@book{durbin,
  title={Statistical theory and modeling for turbulent flows},
  author={Durbin, Paul A and Reif, BA Pettersson},
  year={2011},
  publisher={John Wiley \& Sons}
}

@phdthesis{flageul2015creation,
  title={Cr{\'e}ation de bases de donn{\'e}es fines par simulation directe pour les effets de la turbulence sur les transferts thermiques pari{\'e}taux},
  author={Flageul, C{\'e}dric},
  year={2015},
  school={Universit{\'e} de Poitiers}
}


@book{hyndman2018forecasting,
  title={Forecasting: principles and practice},
  author={Hyndman, Rob J and Athanasopoulos, George},
  year={2018},
  publisher={OTexts}
}
